<?xml version="1.0" encoding="UTF-8"?><collection xmlns="http://www.loc.gov/MARC21/slim"><record><leader>00429nam--2200121-i-4500</leader><controlfield tag="001">000045509</controlfield><controlfield tag="002">20161230</controlfield><controlfield tag="005">20161230201045</controlfield><controlfield tag="008">060222s1000------------r-----000-0-eng-d</controlfield><datafield ind1=" " ind2=" " tag="080"><subfield code="a">62-23(061.3)</subfield></datafield><datafield ind1=" " ind2=" " tag="245"><subfield code="a">Tribotehnica`82. conferinta specialistilor in frecare, ungere, uzare. vol.1/1:lagare cu rostogolire. 1/2:lagare cu alunecare. 1/3:tribologia mecanicii fine. 1/4:etantari</subfield></datafield><datafield ind1=" " ind2=" " tag="260"><subfield code="a">Ploiesti, Ipg, 1982. 399 P</subfield></datafield><datafield ind1=" " ind2=" " tag="852"><subfield code="a">70166</subfield></datafield></record></collection>